@article{周昱基于,
  title={基于RGB模型的燃气火焰检测的图像处理方法},
  author={周昱 and 张杰 and 李昌禧},
  journal={仪表技术与传感器},
  number={11},
  pages={89-91+94},
}
@article{陈嘉卿基于,
  title={基于RGB统计颜色模型的火焰识别},
  author={陈嘉卿 张冰 宋英磊},
  journal={江苏科技大学学报(自然科学版)},
  number={2},
  pages={184},
}
@article{陈越2018森林火灾火焰像素检测的背景减除算法,
  title={森林火灾火焰像素检测的背景减除算法},
  author={陈越 and 赵亚琴 and 蒋林权 and 孙一超},
  year={2018},
}